@Article{Murata:89,
  Title                    = {Petri Nets: Properties, Analysis and Applications},
  Author                   = {Murata, Tadao},
  Journal                  = {IEEE},
  Year                     = {1989},
  Pages                    = {541--580},
  Volume                   = {77}
}

@misc{Augusto:95,
      author = {Augusto, Juan Carlos},
      title = {Fundamentos de Ciencias de la Computación, notas de curso},
      month = {March},
      year = {1995},
      note = {Departamento de Ciencias de la Computación de la Universidad Nacional del Sur, Bahía Blanca}
}

@misc{Labri,
    title = {Petri Nets},
    howpublished = {\url{http://www.labri.fr/perso/anca/FDS/Pn-ESTII.pdf}}
}

@Book{Peterson:81,
  title                    = {Petri Nets Theory and The Modeling of Systems},
  author                   = {Peterson, James Lyle},
  publisher                = {Prentice-Hall},
  year                     = {1981},
  address                  = {The University of Texas at Austin},
} 
